@techreport{brockhoff2009theoretical,
    author      = {Dimo Brockhoff},
    title       = {Theoretical Aspects of Evolutionary Multiobjective Optimizationâ€”A Review},
    institution = {Inria},
    type        = {Research Report},
    number      = {7030},
    year        = {2009},
    month       = sep,
    address     = {France},
    note        = {Inria Research Report RR-7030},
    % url         = {https://hal.inria.fr/inria-00414333}  % optional but handy
}
@techreport{deb2000nsga2,
    title        = {A Fast Elitist Non-Dominated Sorting Genetic Algorithm for Multi-Objective Optimization: NSGA-II},
    author       = {Deb, Kalyanmoy and Agrawal, Samir and Pratap, Amrit and Meyarivan, T.},
    institution  = {Kanpur Genetic Algorithms Laboratory (KanGAL), Indian Institute of Technology Kanpur},
    address      = {Kanpur, India},
    number       = {KanGAL Report No. 200001},
    year         = {2000},
    url          = {http://www.iitk.ac.in/kangal},
    note         = {Available at: \{deb,samira,apratap,mary\}@iitk.ac.in}
}